@article{Cherubini2015Airborne,
title = "Airborne Wind Energy Systems: A review of the technologies ",
journal = "Renewable and Sustainable Energy Reviews ",
volume = "51",
number = "",
pages = "1461 - 1476",
year = "2015",
note = "",
issn = "1364-0321",
doi = "http://dx.doi.org/10.1016/j.rser.2015.07.053",
url = "http://www.sciencedirect.com/science/article/pii/S1364032115007005",
author = "Antonello Cherubini and Andrea Papini and Rocco Vertechy and Marco Fontana",
keywords = "AWE",
keywords = "AWES",
keywords = "Review",
keywords = "Renewable energy",
keywords = "Kite power",
keywords = "Glider",
keywords = "High altitude wind "
}

